@article{indprogmeets,
  author    = {Sumit Gulwani and
               Jos{\'{e}} Hern{\'{a}}ndez{-}Orallo and
               Emanuel Kitzelmann and
               Stephen H. Muggleton and
               Ute Schmid and
               Benjamin G. Zorn},
  title     = {Inductive programming meets the real world},
  journal   = {Commun. {ACM}},
  volume    = {58},
  number    = {11},
  pages     = {90--99},
  year      = {2015},
  url       = {https://doi.org/10.1145/2736282},
  doi       = {10.1145/2736282},
  timestamp = {Tue, 06 Nov 2018 12:51:37 +0100},
  biburl    = {https://dblp.org/rec/journals/cacm/GulwaniHKMSZ15.bib},
  bibsource = {dblp computer science bibliography, https://dblp.org}
}

@inproceedings{ILPChallenges,
  author    = {Katsumi Inoue and
               Hayato Ohwada and
               Akihiro Yamamoto},
  editor    = {Dale Schuurmans and
               Michael P. Wellman},
  title     = {Inductive Logic Programming: Challenges},
  booktitle = {Proceedings of the Thirtieth {AAAI} Conference on Artificial Intelligence,
               February 12-17, 2016, Phoenix, Arizona, {USA}},
  pages     = {4330--4332},
  publisher = {{AAAI} Press},
  year      = {2016},
  url       = {http://www.aaai.org/ocs/index.php/AAAI/AAAI16/paper/view/12339},
  timestamp = {Wed, 05 Apr 2017 12:53:50 +0200},
  biburl    = {https://dblp.org/rec/conf/aaai/InoueOY16.bib},
  bibsource = {dblp computer science bibliography, https://dblp.org}
}

@article{metagolho,
  author    = {Andrew Cropper and
               Rolf Morel and
               Stephen H. Muggleton},
  title     = {Learning higher-order logic programs},
  journal   = {CoRR},
  volume    = {abs/1907.10953},
  year      = {2019},
  url       = {http://arxiv.org/abs/1907.10953},
  archivePrefix = {arXiv},
  eprint    = {1907.10953},
  timestamp = {Thu, 01 Aug 2019 08:59:33 +0200},
  biburl    = {https://dblp.org/rec/journals/corr/abs-1907-10953.bib},
  bibsource = {dblp computer science bibliography, https://dblp.org}
}

@inproceedings{invabs2016,
  author    = {Andrew Cropper and
               Stephen H. Muggleton},
  editor    = {Subbarao Kambhampati},
  title     = {Learning Higher-Order Logic Programs through Abstraction and Invention},
  booktitle = {Proceedings of the Twenty-Fifth International Joint Conference on
               Artificial Intelligence, {IJCAI} 2016, New York, NY, USA, 9-15 July
               2016},
  pages     = {1418--1424},
  publisher = {{IJCAI/AAAI} Press},
  year      = {2016},
  url       = {http://www.ijcai.org/Abstract/16/204},
  timestamp = {Tue, 20 Aug 2019 16:19:00 +0200},
  biburl    = {https://dblp.org/rec/conf/ijcai/CropperM16.bib},
  bibsource = {dblp computer science bibliography, https://dblp.org}
}

@article{ilpturns20,
  author    = {Stephen Muggleton and
               Luc De Raedt and
               David Poole and
               Ivan Bratko and
               Peter A. Flach and
               Katsumi Inoue and
               Ashwin Srinivasan},
  title     = {{ILP} turns 20 - Biography and future challenges},
  journal   = {Mach. Learn.},
  volume    = {86},
  number    = {1},
  pages     = {3--23},
  year      = {2012},
  url       = {https://doi.org/10.1007/s10994-011-5259-2},
  doi       = {10.1007/s10994-011-5259-2},
  timestamp = {Mon, 02 Mar 2020 16:28:55 +0100},
  biburl    = {https://dblp.org/rec/journals/ml/MuggletonRPBFIS12.bib},
  bibsource = {dblp computer science bibliography, https://dblp.org}
}

@book{humancompatible,
  title={Human Compatible: Artificial Intelligence and the Problem of Control},
  author={Russell, S.},
  isbn={9780525558620},
  lccn={2019029689},
  url={https://books.google.ro/books?id=M1eFDwAAQBAJ},
  year={2019},
  publisher={Penguin Publishing Group}
}
